<?xml version="1.0" encoding="UTF-8"?><collection xmlns="http://www.loc.gov/MARC21/slim"><record><leader>00302nam--2200121-i-4500</leader><controlfield tag="001">000028734</controlfield><controlfield tag="002">20161230</controlfield><controlfield tag="005">20161230201037</controlfield><controlfield tag="008">060222s1000------------r-----000-0-eng-d</controlfield><datafield ind1=" " ind2=" " tag="245"><subfield code="a">Space science</subfield></datafield><datafield ind1=" " ind2=" " tag="260"><subfield code="a">New York, John Wiley &amp; Sons, Inc., 1963, Xviii + 668p</subfield></datafield><datafield ind1=" " ind2=" " tag="700"><subfield code="a">Le Galley, D.P</subfield></datafield><datafield ind1=" " ind2=" " tag="852"><subfield code="a">18856</subfield></datafield></record></collection>